<record><leader>00000cas a2200000 a 4500</leader><controlfield tag="001">20982365</controlfield><controlfield tag="008">900131d19601969iludn ne      0   a0eng c</controlfield><datafield ind1=" " ind2=" " tag="010"><subfield code="a">sn 90054889 </subfield></datafield><datafield ind1=" " ind2=" " tag="040"><subfield code="a">NVF</subfield><subfield code="b">eng</subfield><subfield code="c">NVF</subfield><subfield code="d">OCLCQ</subfield><subfield code="d">NVF</subfield><subfield code="d">OCLCQ</subfield><subfield code="d">NVF</subfield><subfield code="d">OCLCF</subfield><subfield code="d">OCLCO</subfield></datafield><datafield ind1=" " ind2=" " tag="042"><subfield code="a">pcc</subfield></datafield><datafield ind1=" " ind2=" " tag="043"><subfield code="a">n-us-il</subfield></datafield><datafield ind1="0" ind2="4" tag="245"><subfield code="a">The Charleston courier-news.</subfield></datafield><datafield ind1="1" ind2="7" tag="246"><subfield code="a">Daily times-courier news</subfield></datafield><datafield ind1="1" ind2="3" tag="246"><subfield code="a">Courier news</subfield></datafield><datafield ind1="3" ind2=" " tag="246"><subfield code="a">Charleston courier news</subfield></datafield><datafield ind1="3" ind2=" " tag="246"><subfield code="a">Daily times courier news</subfield></datafield><datafield ind1=" " ind2=" " tag="260"><subfield code="a">Charleston, Ill. :</subfield><subfield code="b">Benjamin Weir,</subfield><subfield code="c">1960-1969.</subfield></datafield><datafield ind1=" " ind2=" " tag="300"><subfield code="a">v.</subfield></datafield><datafield ind1=" " ind2=" " tag="310"><subfield code="a">Daily (except Sunday and holidays)</subfield></datafield><datafield ind1="0" ind2=" " tag="362"><subfield code="a">64th year, no. 298 (June 1, 1960)-129th year, no. 248 (May 31, 1969).</subfield></datafield><datafield ind1=" " ind2=" " tag="515"><subfield code="a">Continues the numbering of Charleston daily courier (Charleston, Ill.).</subfield></datafield><datafield ind1=" " ind2=" " tag="580"><subfield code="a">Formed by the union of: Charleston daily courier (Charleston, Ill.) and: Charleston daily news and plaindealer-herald.</subfield></datafield><datafield ind1=" " ind2=" " tag="580"><subfield code="a">Merged with: Coles County daily times, to form: Coles County times-courier.</subfield></datafield><datafield ind1=" " ind2="0" tag="651"><subfield code="a">Charleston (Ill.)</subfield><subfield code="v">Newspapers.</subfield></datafield><datafield ind1=" " ind2="7" tag="655"><subfield code="a">Newspapers.</subfield><subfield code="2">fast</subfield><subfield code="0">(OCoLC)fst01423814</subfield></datafield><datafield ind1=" " ind2="7" tag="651"><subfield code="a">Illinois</subfield><subfield code="z">Charleston.</subfield><subfield code="2">fast</subfield><subfield code="0">(OCoLC)fst01205861</subfield></datafield><datafield ind1=" " ind2=" " tag="752"><subfield code="a">United States</subfield><subfield code="b">Illinois</subfield><subfield code="c">Coles</subfield><subfield code="d">Charleston.</subfield></datafield><datafield ind1="1" ind2="4" tag="780"><subfield code="t">Charleston daily courier (Charleston, Ill.)</subfield><subfield code="w">(DLC)sn 90054888</subfield><subfield code="w">(OCoLC)21245135</subfield></datafield><datafield ind1="1" ind2="4" tag="780"><subfield code="t">Charleston daily news and plaindealer-herald</subfield><subfield code="w">(DLC)sn 90054898</subfield><subfield code="w">(OCoLC)21245553</subfield></datafield><datafield ind1="1" ind2="7" tag="785"><subfield code="t">Coles County daily times</subfield><subfield code="w">(DLC)sn 90054890</subfield><subfield code="w">(OCoLC)20982260</subfield></datafield><datafield ind1="1" ind2="7" tag="785"><subfield code="t">Coles County times-courier</subfield><subfield code="w">(DLC)sn 90054891</subfield><subfield code="w">(OCoLC)20982235</subfield></datafield></record>